@Manual{R-base,
  title = {R: A Language and Environment for Statistical Computing},
  author = {{R Core Team}},
  organization = {R Foundation for Statistical Computing},
  address = {Vienna, Austria},
  year = {2020},
  url = {https://www.R-project.org/},
}

@Manual{R-bookdown,
  title = {bookdown: Authoring Books and Technical Documents with R Markdown},
  author = {Yihui Xie},
  year = {2020},
  note = {R package version 0.21},
  url = {https://github.com/rstudio/bookdown},
}

@Manual{R-cluster,
  title = {cluster: "Finding Groups in Data": Cluster Analysis Extended Rousseeuw et
al.},
  author = {Martin Maechler and Peter Rousseeuw and Anja Struyf and Mia Hubert},
  year = {2019},
  note = {R package version 2.1.0},
  url = {https://svn.r-project.org/R-packages/trunk/cluster},
}

@Manual{R-corrplot,
  title = {corrplot: Visualization of a Correlation Matrix},
  author = {Taiyun Wei and Viliam Simko},
  year = {2017},
  note = {R package version 0.84},
  url = {https://github.com/taiyun/corrplot},
}

@Manual{R-fpc,
  title = {fpc: Flexible Procedures for Clustering},
  author = {Christian Hennig},
  year = {2020},
  note = {R package version 2.2-8},
  url = {https://www.unibo.it/sitoweb/christian.hennig/en/},
}

@Manual{R-ggplot2,
  title = {ggplot2: Create Elegant Data Visualisations Using the Grammar of Graphics},
  author = {Hadley Wickham and Winston Chang and Lionel Henry and Thomas Lin Pedersen and Kohske Takahashi and Claus Wilke and Kara Woo and Hiroaki Yutani and Dewey Dunnington},
  year = {2020},
  note = {R package version 3.3.2},
  url = {https://CRAN.R-project.org/package=ggplot2},
}

@Manual{R-gridExtra,
  title = {gridExtra: Miscellaneous Functions for "Grid" Graphics},
  author = {Baptiste Auguie},
  year = {2017},
  note = {R package version 2.3},
  url = {https://CRAN.R-project.org/package=gridExtra},
}

@Manual{R-klaR,
  title = {klaR: Classification and Visualization},
  author = {Christian Roever and Nils Raabe and Karsten Luebke and Uwe Ligges and Gero Szepannek and Marc Zentgraf and David Meyer},
  year = {2020},
  note = {R package version 0.6-15},
  url = {http://www.statistik.tu-dortmund.de},
}

@Manual{R-knitr,
  title = {knitr: A General-Purpose Package for Dynamic Report Generation in R},
  author = {Yihui Xie},
  year = {2020},
  note = {R package version 1.30},
  url = {https://yihui.org/knitr/},
}

@Manual{R-leaflet,
  title = {leaflet: Create Interactive Web Maps with the JavaScript Leaflet
Library},
  author = {Joe Cheng and Bhaskar Karambelkar and Yihui Xie},
  year = {2019},
  note = {R package version 2.0.3},
  url = {http://rstudio.github.io/leaflet/},
}

@Manual{R-maptools,
  title = {maptools: Tools for Handling Spatial Objects},
  author = {Roger Bivand and Nicholas Lewin-Koh},
  year = {2020},
  note = {R package version 1.0-2},
  url = {https://CRAN.R-project.org/package=maptools},
}

@Manual{R-MASS,
  title = {MASS: Support Functions and Datasets for Venables and Ripley's MASS},
  author = {Brian Ripley},
  year = {2020},
  note = {R package version 7.3-53},
  url = {http://www.stats.ox.ac.uk/pub/MASS4/},
}

@Manual{R-openxlsx,
  title = {openxlsx: Read, Write and Edit xlsx Files},
  author = {Philipp Schauberger and Alexander Walker},
  year = {2020},
  note = {R package version 4.2.3},
  url = {https://CRAN.R-project.org/package=openxlsx},
}

@Manual{R-psych,
  title = {psych: Procedures for Psychological, Psychometric, and Personality
Research},
  author = {William Revelle},
  year = {2020},
  note = {R package version 2.0.9},
  url = {https://personality-project.org/r/psych/
https://personality-project.org/r/psych-manual.pdf},
}

@Manual{R-raster,
  title = {raster: Geographic Data Analysis and Modeling},
  author = {Robert J. Hijmans},
  year = {2020},
  note = {R package version 3.3-13},
  url = {https://rspatial.org/raster},
}

@Manual{R-reshape,
  title = {reshape: Flexibly Reshape Data},
  author = {Hadley Wickham},
  year = {2018},
  note = {R package version 0.8.8},
  url = {http://had.co.nz/reshape},
}

@Manual{R-rgdal,
  title = {rgdal: Bindings for the Geospatial Data Abstraction Library},
  author = {Roger Bivand and Tim Keitt and Barry Rowlingson},
  year = {2020},
  note = {R package version 1.5-18},
  url = {https://CRAN.R-project.org/package=rgdal},
}

@Manual{R-rmarkdown,
  title = {rmarkdown: Dynamic Documents for R},
  author = {JJ Allaire and Yihui Xie and Jonathan McPherson and Javier Luraschi and Kevin Ushey and Aron Atkins and Hadley Wickham and Joe Cheng and Winston Chang and Richard Iannone},
  year = {2020},
  note = {R package version 2.5},
  url = {https://github.com/rstudio/rmarkdown},
}

@Manual{R-sp,
  title = {sp: Classes and Methods for Spatial Data},
  author = {Edzer Pebesma and Roger Bivand},
  year = {2020},
  note = {R package version 1.4-4},
  url = {https://CRAN.R-project.org/package=sp},
}

@Manual{R-WMDB,
  title = {WMDB: Discriminant Analysis Methods by Weight Mahalanobis Distance and
bayes},
  author = {Bingpei Wu},
  year = {2012},
  note = {R package version 1.0},
  url = {https://CRAN.R-project.org/package=WMDB},
}

@Book{bookdown2016,
  title = {bookdown: Authoring Books and Technical Documents with {R} Markdown},
  author = {Yihui Xie},
  publisher = {Chapman and Hall/CRC},
  address = {Boca Raton, Florida},
  year = {2016},
  note = {ISBN 978-1138700109},
  url = {https://github.com/rstudio/bookdown},
}

@Manual{corrplot2017,
  title = {R package "corrplot": Visualization of a Correlation Matrix},
  author = {Taiyun Wei and Viliam Simko},
  year = {2017},
  note = {(Version 0.84)},
  url = {https://github.com/taiyun/corrplot},
}

@Book{ggplot22016,
  author = {Hadley Wickham},
  title = {ggplot2: Elegant Graphics for Data Analysis},
  publisher = {Springer-Verlag New York},
  year = {2016},
  isbn = {978-3-319-24277-4},
  url = {https://ggplot2.tidyverse.org},
}

@InProceedings{klaR2005,
  title = {klaR Analyzing German Business Cycles},
  author = {Claus Weihs and Uwe Ligges and Karsten Luebke and Nils Raabe},
  booktitle = {Data Analysis and Decision Support},
  editor = {D. Baier and R. Decker and L. Schmidt-Thieme},
  publisher = {Springer-Verlag},
  address = {Berlin},
  year = {2005},
  pages = {335-343},
}

@Book{knitr2015,
  title = {Dynamic Documents with {R} and knitr},
  author = {Yihui Xie},
  publisher = {Chapman and Hall/CRC},
  address = {Boca Raton, Florida},
  year = {2015},
  edition = {2nd},
  note = {ISBN 978-1498716963},
  url = {https://yihui.org/knitr/},
}

@InCollection{knitr2014,
  booktitle = {Implementing Reproducible Computational Research},
  editor = {Victoria Stodden and Friedrich Leisch and Roger D. Peng},
  title = {knitr: A Comprehensive Tool for Reproducible Research in {R}},
  author = {Yihui Xie},
  publisher = {Chapman and Hall/CRC},
  year = {2014},
  note = {ISBN 978-1466561595},
  url = {http://www.crcpress.com/product/isbn/9781466561595},
}

@Book{MASS2002,
  title = {Modern Applied Statistics with S},
  author = {W. N. Venables and B. D. Ripley},
  publisher = {Springer},
  edition = {Fourth},
  address = {New York},
  year = {2002},
  note = {ISBN 0-387-95457-0},
  url = {http://www.stats.ox.ac.uk/pub/MASS4/},
}

@Article{reshape2007,
  author = {Hadley Wickham},
  journal = {Journal of Statistical Software},
  number = {12},
  title = {Reshaping data with the reshape package},
  url = {http://www.jstatsoft.org/v21/i12/paper},
  volume = {21},
  year = {2007},
}

@Book{rmarkdown2018,
  title = {R Markdown: The Definitive Guide},
  author = {Yihui Xie and J.J. Allaire and Garrett Grolemund},
  publisher = {Chapman and Hall/CRC},
  address = {Boca Raton, Florida},
  year = {2018},
  note = {ISBN 9781138359338},
  url = {https://bookdown.org/yihui/rmarkdown},
}

@Book{rmarkdown2020,
  title = {R Markdown Cookbook},
  author = {Yihui Xie and Christophe Dervieux and Emily Riederer},
  publisher = {Chapman and Hall/CRC},
  address = {Boca Raton, Florida},
  year = {2020},
  note = {ISBN 9780367563837},
  url = {https://bookdown.org/yihui/rmarkdown-cookbook},
}

@Article{sp2005,
  author = {Edzer J. Pebesma and Roger S. Bivand},
  title = {Classes and methods for spatial data in {R}},
  journal = {R News},
  year = {2005},
  volume = {5},
  number = {2},
  pages = {9--13},
  month = {November},
  url = {https://CRAN.R-project.org/doc/Rnews/},
}

@Book{sp2013,
  author = {Roger S. Bivand and Edzer Pebesma and Virgilio Gomez-Rubio},
  title = {Applied spatial data analysis with {R}, Second edition},
  year = {2013},
  publisher = {Springer, NY},
  url = {https://asdar-book.org/},
}

